@article{cattelan2013,
  title={Dynamic Bradley--Terry modelling of sports tournaments},
  author={Cattelan, Manuela and Varin, Cristiano and Firth, David},
  journal={Journal of the Royal Statistical Society: Series C (Applied Statistics)},
  volume={62},
  number={1},
  pages={135--150},
  year={2013},
  publisher={Wiley Online Library}
}
@book{Gelman,
 author = {Gelman, Andrew and Hill, Jennifer},
 title = {Data Analysis Using Regression and Hierarchical/Multilevel Models},
 year = {2006},
 isbn = {052168689X},
 publisher = {Cambridge University Press},
} 

@article{Kvam2006,
  title={A logistic regression/Markov chain model for NCAA basketball},
  author={Kvam, Paul and Sokol, Joel S},
  journal={Naval research Logistics (NrL)},
  volume={53},
  number={8},
  pages={788--803},
  year={2006},
  publisher={Wiley Online Library}
}

@article{mark2010,
  title={An Improved LRMC Method for NCAA Basketball Prediction},
  author={Mark, Brown and Joel, Sokol},
  journal={Journal of Quantitative Analysis in Sports},
  volume={6},
  number={3},
  pages={1--23},
  year={2010},
  publisher={De Gruyter}
}

@article{vstrumbelj2012,
  title={Simulating a basketball match with a homogeneous Markov model and forecasting the outcome},
  author={{\v{S}}trumbelj, Erik and Vra{\v{c}}ar, Petar},
  journal={International Journal of Forecasting},
  volume={28},
  number={2},
  pages={532--542},
  year={2012},
  publisher={Elsevier}
}