@book{Gelman,
 author = {Gelman, Andrew and Hill, Jennifer},
 title = {Data Analysis Using Regression and Hierarchical/Multilevel Models},
 year = {2006},
 isbn = {052168689X},
 publisher = {Cambridge University Press},
} 
