%% This BibTeX bibliography file was created using BibDesk.
%% http://bibdesk.sourceforge.net/


%% Created for rlucas7 at 2014-06-23 11:29:49 -0400 


%% Saved with string encoding Unicode (UTF-8) 



@article{boulier1999sports,
	Author = {Boulier, Bryan L and Stekler, Herman O},
	Journal = {International Journal of Forecasting},
	Number = {1},
	Pages = {83--91},
	Publisher = {Elsevier},
	Title = {Are sports seedings good predictors?: An evaluation},
	Volume = {15},
	Year = {1999}}

@article{boulier2003predicting,
	Author = {Boulier, Bryan L and Stekler, Herman O},
	Journal = {International Journal of Forecasting},
	Number = {2},
	Pages = {257--270},
	Publisher = {Elsevier},
	Title = {Predicting the outcomes of National Football League games},
	Volume = {19},
	Year = {2003}}

@book{breiman1984classification,
  title={Classification and regression trees},
  author={Breiman, Leo and Friedman, Jerome and Stone, Charles J and Olshen, Richard A},
  year={1984},
  publisher={CRC press}
}

@article{breiter1997,
	Author = {Breiter, David J and Carlin, Bradley P},
	Journal = {Chance},
	Number = {1},
	Pages = {5--11},
	Publisher = {Taylor \& Francis},
	Title = {How to play office pools if you must},
	Volume = {10},
	Year = {1997}}

@article{carlin1996,
	Author = {Carlin, Bradley P},
	Journal = {The American Statistician},
	Number = {1},
	Pages = {39--43},
	Publisher = {Taylor \& Francis Group},
	Title = {Improved {NCAA} basketball tournament modeling via point spread and team strength information},
	Volume = {50},
	Year = {1996}}

@article{cattelan2013,
	Author = {Cattelan, Manuela and Varin, Cristiano and Firth, David},
	Journal = {Journal of the Royal Statistical Society: Series C (Applied Statistics)},
	Number = {1},
	Pages = {135--150},
	Publisher = {Wiley Online Library},
	Title = {Dynamic {B}radley---{T}erry modelling of sports tournaments},
	Volume = {62},
	Year = {2013}}

@article{caudill2003predicting,
	Author = {Caudill, Steven B},
	Journal = {International Journal of Forecasting},
	Number = {2},
	Pages = {313--317},
	Publisher = {Elsevier},
	Title = {Predicting discrete outcomes with the maximum score estimator: The case of the {NCAA} men's basketball tournament},
	Volume = {19},
	Year = {2003}}

@book{enright1977march,
	Author = {Enright, Jim},
	Publisher = {Illinois High School Association},
	Title = {March Madness: The Story of High School Basketball in {I}llinois},
	Year = {1977}}

@misc{ESPN,
	Author = {ESPN},
	Howpublished = {\url{http://insider.espn.go.com/insider/tournament/game/predictor}},
	Note = {Accessed March 20, 2014},
	Title = {ESPN Insider Game Predictor},
	Year = {2014}}

@book{moneyball,
	Author = {Lewis, Michael},
	Publisher = {W. W. Norton \& Company},
	Title = {Moneyball},
	Year = {2004}}


@misc{ezekowitz2013,
	Author = {Ezekowitz, John},
	Howpublished = {\url{http://harvardsportsanalysis.wordpress.com/2013/03/19/survival-of-the-fittest-predicting-the-2013-ncaa-tournament/}},
	Note = {Accessed June 18, 2014},
	Title = {Survival of the Fittest: Predicting the 2013 {NCAA} Tournament},
	Year = {2014}}

@misc{gelman,
	Author = {Gelman, Andrew},
	Howpublished = {\url{http://andrewgelman.com/2014/02/25/basketball-stats-dont-model-probability-win-model-expected-score-differential/}},
	Note = {Accessed June 18, 2014},
	Title = {Basketball Stats: Don't model the probability of win, model the expected score differential},
	Year = {2014}}

@article{glickman1998,
	Author = {Glickman, Mark E and Stern, Hal S},
	Journal = {Journal of the American Statistical Association},
	Number = {441},
	Pages = {25--35},
	Publisher = {Taylor \& Francis},
	Title = {A state-space model for National Football League scores},
	Volume = {93},
	Year = {1998}}

@article{gneiting,
  title={Strictly proper scoring rules, prediction, and estimation},
  author={Gneiting, Tilmann and Raftery, Adrian E},
  journal={Journal of the American Statistical Association},
  volume={102},
  number={477},
  pages={359--378},
  year={2007},
  publisher={Taylor \& Francis}}

@article{harville1994,
	Author = {Harville, David A and Smith, Michael H},
	Journal = {The American Statistician},
	Number = {1},
	Pages = {22--28},
	Publisher = {Taylor \& Francis},
	Title = {The home-court advantage: How large is it, and does it vary from team to team?},
	Volume = {48},
	Year = {1994}}




@article{house2010,
	Author = {House, Leanna and Leman, SC and Han, C},
	Journal = {FODAVA Technical Report2010},
	Title = {Bayesian visual analytics (bava)},
	Year = {2010}}

@book{james,
	Author = {James, Bill},
	Publisher = {New York: Ballantine},
	Title = {Baseball Abstract},
	Year = {1983}}


@book{GAMs,
	Author = {Hastie, T. J. and Tibshirani, R. J.},
	Publisher = {Chapman \& Hall/CRC},
	Title = {Generalized Additive Models},
	Year = {1990}}



@misc{Kantar2014,
	Author = {Swallen, Jon},
	Howpublished= {\url{http://us.kantar.com/tech/tv/ncaa-march-madness-advertising}},	
	Note={Accessed June 23, 2014},
	Title = {The most lucrative post-season in sports},
	Year = {2014}}

@misc{kenpom.com,
	Author = {Pomeroy, Ken},
	Howpublished = {\url{http://kenpom.com/blog/index.php/weblog/entry/ratings_glossary}},
	Note = {Accessed June 18, 2014},
	Title = {Ratings Glossary},
	Year = {2012}}

@misc{kenpom.com2,
	Author = {Pomeroy, Ken},
	Howpublished = {\url{http://kenpom.com/blog/index.php/weblog/entry/pomeroy_ratings_version_2.0}},
	Note = {Accessed June 18, 2014},
	Title = {Pomeroy Ratings version 2.0},
	Year = {2013}}

@article{Kvam2006,
	Author = {Kvam, Paul and Sokol, Joel S},
	Date-Modified = {2014-06-23 15:29:49 +0000},
	Journal = {Naval Research Logistics },
	Number = {8},
	Pages = {788--803},
	Publisher = {Wiley Online Library},
	Title = {A logistic regression/{M}arkov chain model for {NCAA} basketball},
	Volume = {53},
	Year = {2006}}

@article{hu2013,
	Author = {Hu, Xinran and Bradel, Lauren and Maiti, Dipayan and House, Leanna and North, Chris and Leman, Scotland},
	Journal = {Visualization and Computer Graphics, IEEE Transactions on},
	Number = {12},
	Pages = {2052--2059},
	Publisher = {IEEE},
	Title = {Semantics of Directly Manipulating Spatializations},
	Volume = {19},
	Year = {2013}}

@article{manski1977estimation,
	Author = {Manski, Charles F and Lerman, Steven R},
	Journal = {Econometrica: Journal of the Econometric Society},
	Pages = {1977--1988},
	Publisher = {JSTOR},
	Title = {The estimation of choice probabilities from choice based samples},
	Year = {1977}}

@article{mark2010,
	Author = {Mark Brown and Joel Sokol},
	Journal = {Journal of Quantitative Analysis in Sports},
	Number = {3},
	Pages = {1--23},
	Publisher = {De Gruyter},
	Title = {An Improved {LRMC} Method for {NCAA} Basketball Prediction},
	Volume = {6},
	Year = {2010}}

@misc{NCAA,
	Author = {Johnson, Gary},
	Date-Modified={2014-01-02T11:12-05:00},
	Howpublished= {\url{http://fs.ncaa.org/Docs/stats/m_final4/2014/3Tournament.pdf}},
	Note={Acessed June 23, 2014},
	Title={2014 NCAA Men's Final Four Records-The Tournament},
	Year = {2014}}

@misc{kaggleQA,
	Author = {Matthews, Gregory and Lopez, Michael},
	Date-Modified = {2014-06-23 15:24:36 +0000},
	Howpublished = {\url{http://blog.kaggle.com/2014/04/21/qa-with-gregory-and-michael-1st-place-in-march-ml-mania/}},
	Note = {Accessed June 18, 2014},
	Title = {Q\&{A} with {G}regory {M}atthews and {M}ichael {L}opez, 1st Place in {M}arch {ML} Mania},
	Year = {2014}}
	
@misc{kaggle,
	Author = {Goldbloom, Anthony},
	Date-Modified = {2014-1-07},
	Howpublished = {\url{https://www.kaggle.com/c/march-machine-learning-mania}},
	Note = {Accessed June 18, 2014},
	Title = {March Machine Learning Mania},
	Year = {2014}}

@article{miller2007,
	Author = {Miller, Steven J},
	Journal = {Chance},
	Number = {1},
	Pages = {40--48},
	Publisher = {Taylor \& Francis},
	Title = {A derivation of the {P}ythagorean Won-Loss Formula in baseball},
	Volume = {20},
	Year = {2007}}

@misc{kenmassey.com,
	Author = {Massey, Ken},
	Howpublished = {\url{masseyratings.com}},
	Note = {Accessed April 7, 2014},
	Title = {College Basketball Rating Composite},
	Year = {2014}}


@article{niemi2008,
	Author = {Niemi, Jarad B and Carlin, Bradley P and Alexander, Jonathan M},
	Journal = {Chance},
	Number = {1},
	Pages = {35--42},
	Publisher = {Taylor \& Francis},
	Title = {Contrarian strategies for {NCAA} tournament pools: A cure for {M}arch madness?},
	Volume = {21},
	Year = {2008}}

@misc{rosenthal,
	Author = {Rosenthal, Jeffrey},
	Howpublished = {\url{http://andrewgelman.com/2014/02/25/basketball-stats-dont-model-probability-win-model-expected-score-differential/}},
	Note = {Accessed June 18, 2014},
	Title = {The {R}osenthal Fit: A Statistical Ranking of {NCAA} Men's Basketball Teams},
	Year = {2013}}

@misc{sagarin,
	Author = {Sagarin, Jeff},
	Howpublished = {\url{http://www.usatoday.com/sports/ncaab/sagarin/}},
	Note = {Accessed June 18, 2014},
	Title = {Ratings Glossary},
	Year = {2014}}

@article{schwertman1996,
	Author = {Schwertman, Neil C and Schenk, Kathryn L and Holbrook, Brett C},
	Journal = {The American Statistician},
	Number = {1},
	Pages = {34--38},
	Publisher = {Taylor \& Francis},
	Title = {More probability models for the {NCAA} regional basketball tournaments},
	Volume = {50},
	Year = {1996}}

@book{schutt2013doing,
	Author = {Schutt, Rachel and O'Neil, Cathy},
	Publisher = {" O'Reilly Media, Inc."},
	Title = {Doing Data Science: Straight Talk from the Frontline},
	Year = {2013}}

@misc{silver,
	Author = {Silver, Nate},
	Howpublished = {\url{http://fivethirtyeight.com/features/nate-silvers-ncaa-basketball-predictions/}},
	Note = {Accessed June 18, 2014},
	Title = {Building a Bracket is Hard This Year, But We'll Help You Play the Odds},
	Year = {2014}}

@article{smith1999can,
	Author = {Smith, Tyler and Schwertman, Neil C},
	Date-Modified = {2014-06-23 15:23:44 +0000},
	Journal = {The American Statistician},
	Number = {2},
	Pages = {94--98},
	Publisher = {Taylor \& Francis Group},
	Title = {Can the {NCAA} basketball tournament seeding be used to predict margin of victory?},
	Volume = {53},
	Year = {1999}}




@article{vstrumbelj2012,
	Author = {{\v{S}}trumbelj, Erik and Vra{\v{c}}ar, Petar},
	Journal = {International Journal of Forecasting},
	Number = {2},
	Pages = {532--542},
	Publisher = {Elsevier},
	Title = {Simulating a basketball match with a homogeneous {M}arkov model and forecasting the outcome},
	Volume = {28},
	Year = {2012}}

@article{west2006simple,
	Author = {West, Brady T},
	Journal = {Journal of Quantitative Analysis in Sports},
	Number = {3},
	Pages = {3},
	Publisher = {bepress},
	Title = {A Simple and flexible rating method for predicting success in the {NCAA} basketball Tournament},
	Volume = {2},
	Year = {2006}}

@misc{wright2012statistical,
	Author = {Wright, Chris},
	Howpublished = {\url{http://economics-files.pomona.edu/GarySmith/Econ190/Wright%20March%20Madness%20Final%20Paper.pdf}},
	Note = {Accessed June 18, 2014},
	Title = {Statistical Predictors of {M}arch Madness: An Examination of the {NCAA} Men's' Basketball Championship},
	Year = {2012}}
	
	
